%YAML 1.1
%TAG !u! tag:unity3d.com,2011:
--- !u!1 &111774
GameObject:
  m_ObjectHideFlags: 0
  m_PrefabParentObject: {fileID: 0}
  m_PrefabInternal: {fileID: 100100000}
  serializedVersion: 5
  m_Component:
  - component: {fileID: 486688}
  - component: {fileID: 11413522}
  - component: {fileID: 11432520}
  - component: {fileID: 8294226}
  m_Layer: 0
  m_Name: GameManager
  m_TagString: Untagged
  m_Icon: {fileID: 0}
  m_NavMeshLayer: 0
  m_StaticEditorFlags: 0
  m_IsActive: 1
--- !u!4 &486688
Transform:
  m_ObjectHideFlags: 1
  m_PrefabParentObject: {fileID: 0}
  m_PrefabInternal: {fileID: 100100000}
  m_GameObject: {fileID: 111774}
  m_LocalRotation: {x: 0, y: 0, z: 0, w: 1}
  m_LocalPosition: {x: 537.5, y: 282.5, z: 0}
  m_LocalScale: {x: 1, y: 1, z: 1}
  m_Children: []
  m_Father: {fileID: 0}
  m_RootOrder: 0
  m_LocalEulerAnglesHint: {x: 0, y: 0, z: 0}
--- !u!82 &8294226
AudioSource:
  m_ObjectHideFlags: 1
  m_PrefabParentObject: {fileID: 0}
  m_PrefabInternal: {fileID: 100100000}
  m_GameObject: {fileID: 111774}
  m_Enabled: 1
  serializedVersion: 4
  OutputAudioMixerGroup: {fileID: 0}
  m_audioClip: {fileID: 0}
  m_PlayOnAwake: 1
  m_Volume: 1
  m_Pitch: 1
  Loop: 0
  Mute: 0
  Spatialize: 0
  SpatializePostEffects: 0
  Priority: 128
  DopplerLevel: 1
  MinDistance: 1
  MaxDistance: 500
  Pan2D: 0
  rolloffMode: 0
  BypassEffects: 0
  BypassListenerEffects: 0
  BypassReverbZones: 0
  rolloffCustomCurve:
    serializedVersion: 2
    m_Curve:
    - serializedVersion: 2
      time: 0
      value: 1
      inSlope: 0
      outSlope: 0
      tangentMode: 0
    - serializedVersion: 2
      time: 1
      value: 0
      inSlope: 0
      outSlope: 0
      tangentMode: 0
    m_PreInfinity: 2
    m_PostInfinity: 2
    m_RotationOrder: 4
  panLevelCustomCurve:
    serializedVersion: 2
    m_Curve:
    - serializedVersion: 2
      time: 0
      value: 0
      inSlope: 0
      outSlope: 0
      tangentMode: 0
    m_PreInfinity: 2
    m_PostInfinity: 2
    m_RotationOrder: 0
  spreadCustomCurve:
    serializedVersion: 2
    m_Curve:
    - serializedVersion: 2
      time: 0
      value: 0
      inSlope: 0
      outSlope: 0
      tangentMode: 0
    m_PreInfinity: 2
    m_PostInfinity: 2
    m_RotationOrder: 0
  reverbZoneMixCustomCurve:
    serializedVersion: 2
    m_Curve:
    - serializedVersion: 2
      time: 0
      value: 1
      inSlope: 0
      outSlope: 0
      tangentMode: 0
    m_PreInfinity: 2
    m_PostInfinity: 2
    m_RotationOrder: 0
--- !u!114 &11413522
MonoBehaviour:
  m_ObjectHideFlags: 1
  m_PrefabParentObject: {fileID: 0}
  m_PrefabInternal: {fileID: 100100000}
  m_GameObject: {fileID: 111774}
  m_Enabled: 1
  m_EditorHideFlags: 0
  m_Script: {fileID: 11500000, guid: b8a3ea2b7e4b64ccaa69134fe7483d71, type: 3}
  m_Name: 
  m_EditorClassIdentifier: 
  pictureImageUI: {fileID: 0}
  pictureAspectRatioFitterUI: {fileID: 0}
  questionTextUI: {fileID: 0}
  answerTextUI:
  - {fileID: 0}
  - {fileID: 0}
  - {fileID: 0}
  - {fileID: 0}
  buttonUI:
  - {fileID: 0}
  - {fileID: 0}
  - {fileID: 0}
  - {fileID: 0}
  verticalButtonsPanelUI: {fileID: 0}
  horizontalButtonsPanelUI: {fileID: 0}
  scoreTextUI: {fileID: 0}
  bigWrongText: {fileID: 0}
  tryAgainText: {fileID: 0}
  bigOutOfTimeText: {fileID: 0}
  rightText: {fileID: 0}
  bonusText: {fileID: 0}
  bonusTextBackPanel: {fileID: 0}
  loadingText: {fileID: 0}
  timerBar: {fileID: 0}
  gameplayPanel: {fileID: 0}
  gameOverPanel: {fileID: 0}
  levelCompletePanel: {fileID: 0}
  numCorrectAnswersTextUI: {fileID: 0}
  wellDoneText: {fileID: 0}
  questionNumberUI: {fileID: 0}
  _questionManager: {fileID: 0}
  _pictureManager: {fileID: 0}
  _audioManager: {fileID: 0}
  _settingsManager: {fileID: 0}
  gameplaySettings:
    timerUsed: 1
    suddenDeath: 0
    tryAgain: 0
    infiniteQuestions: 0
    loseQuestionOnTimerExpire: 1
    resetTimerOnWrongAnswer: 1
    timeReductionOnCorrectAnswer: 0.9
    timerMinimumTime: 0.5
    timerMaximumTime: 3
    bonusForTimeLeft: 50
    baseScoreForCorrectAnswer: 1
    maxBonus: 100
    bonusIncreaseRate: 1.2
    showQuestionAtEndOfMovie: 0
    randomiseQuestions: 1
  _currentQuestionNumber: 0
  _currentQuestionCorrectAnswer: 0
  _score: 0
  _timerTime: 0
  _bonusScore: 1
  _questionCount: 0
  _correctAnswersCount: 0
  _playingAMovie: 0
  _buttonsArrangedVertically: 1
  _numberOfAnswers: 2
--- !u!114 &11432520
MonoBehaviour:
  m_ObjectHideFlags: 1
  m_PrefabParentObject: {fileID: 0}
  m_PrefabInternal: {fileID: 100100000}
  m_GameObject: {fileID: 111774}
  m_Enabled: 1
  m_EditorHideFlags: 0
  m_Script: {fileID: 11500000, guid: 39d9888deee4b44a5acc174c7520d7b5, type: 3}
  m_Name: 
  m_EditorClassIdentifier: 
--- !u!1001 &100100000
Prefab:
  m_ObjectHideFlags: 1
  serializedVersion: 2
  m_Modification:
    m_TransformParent: {fileID: 0}
    m_Modifications:
    - target: {fileID: 0}
      propertyPath: panLevelCustomCurve.m_RotationOrder
      value: 0
      objectReference: {fileID: 0}
    - target: {fileID: 0}
      propertyPath: spreadCustomCurve.m_RotationOrder
      value: 0
      objectReference: {fileID: 0}
    - target: {fileID: 0}
      propertyPath: reverbZoneMixCustomCurve.m_RotationOrder
      value: 0
      objectReference: {fileID: 0}
    m_RemovedComponents: []
  m_ParentPrefab: {fileID: 0}
  m_RootGameObject: {fileID: 111774}
  m_IsPrefabParent: 1
